<?xml version="1.0" encoding="UTF-8"?><collection xmlns="http://www.loc.gov/MARC21/slim"><record><leader>00468nam--2200169-i-4500</leader><controlfield tag="001">000007061</controlfield><controlfield tag="002">20161230</controlfield><controlfield tag="005">20170108225049</controlfield><controlfield tag="008">060222s1000------------r-----000-0-eng-d</controlfield><datafield ind1=" " ind2=" " tag="100"><subfield code="a">Aberdam, Myriam</subfield></datafield><datafield ind1=" " ind2=" " tag="245"><subfield code="a">Circuits de refroidissement des piles a meatux liquides</subfield></datafield><datafield ind1=" " ind2=" " tag="260"><subfield code="a">Saclay</subfield><subfield code="b">Centre D Etudes Nucleaires</subfield><subfield code="c">1964</subfield></datafield><datafield ind1=" " ind2=" " tag="300"><subfield code="a">209 p. + 4 Pl</subfield></datafield><datafield ind1=" " ind2=" " tag="490"><subfield code="a">Serie Bibliographies</subfield></datafield><datafield ind1=" " ind2=" " tag="700"><subfield code="a">Gros, Gilbert</subfield></datafield><datafield ind1=" " ind2=" " tag="852"><subfield code="a">D.LO21</subfield></datafield><datafield ind1=" " ind2=" " tag="CAT"><subfield code="a">SYS</subfield><subfield code="c">20170108</subfield><subfield code="h">225049</subfield></datafield></record></collection>